@inproceedings{nguyen2007consensus,
 author = {Nguyen, Nam and Caruana, Rich},
 title = {Consensus Clusterings},
 booktitle = {Proceedings of the 2007 Seventh IEEE International Conference on Data Mining},
 series = {ICDM '07},
 year = {2007},
 isbn = {0-7695-3018-4},
 pages = {607--612},
 numpages = {6},
 url = {https://doi.org/10.1109/ICDM.2007.73},
 doi = {10.1109/ICDM.2007.73},
 acmid = {1442126},
 publisher = {IEEE Computer Society},
 address = {Washington, DC, USA},
}

@book{cover2012elements,
  title={Elements of Information Theory},
  author={Cover, Thomas M and Thomas, Joy A},
  year={2012},
  publisher={John Wiley \& Sons}
}

@article{rand1971objective,
  title={Objective Criteria for the Evaluation of Clustering Methods},
  author={Rand, William M},
  journal={J. Am. Stat. Assoc.},
  volume={66},
  number={336},
  pages={846--850},
  year={1971},
  publisher={Taylor \& Francis Group}
}

@techreport{dongen2000performance,
  author = {Dongen, Stijn},
  title = {Performance Criteria for Graph Clustering and Markov Cluster Experiments},
  year = {2000},
  source = {http://www.ncstrl.org:8900/ncstrl/servlet/search?formname=detail\&id=oai%3Ancstrlh%3Aercim_cwi%3Aercim.cwi%2F%2FINS-R0012},
  publisher = {CWI (Centre for Mathematics and Computer Science)},
  address = {Amsterdam, The Netherlands, The Netherlands},
}

@ARTICLE{CHH05,
author={D. Cai and X. He and J. Han}, 
journal={IEEE Trans. Knowl. Data Eng.}, 
title={Document Clustering Using Locality Preserving Indexing}, 
year={2005}, 
volume={17}, 
number={12}, 
pages={1624-1637}, 
ISSN={1041-4347}, 
month={Dec}
}

@article{carpaneto1980algorithm,
  title={Algorithm 548: Solution of the assignment problem [H]},
  author={Carpaneto, Giorgio and Toth, Paolo},
  journal={ACM Transactions on Mathematical Software (TOMS)},
  volume={6},
  number={1},
  pages={104--111},
  year={1980},
  publisher={ACM New York, NY, USA}
}

@inproceedings{bradley1998refining,
  title={Refining initial points for k-means clustering.},
  author={Bradley, Paul S and Fayyad, Usama M},
  booktitle={ICML},
  volume={98},
  pages={91--99},
  year={1998},
  organization={Citeseer}
}

@book{kaufman2009finding,
  title={Finding groups in data: an introduction to cluster analysis},
  author={Kaufman, Leonard and Rousseeuw, Peter J},
  year={2009},
  publisher={John Wiley \& Sons}
}

@techreport{karypis2002cluto,
  title={CLUTO-a clustering toolkit},
  author={Karypis, George},
  year={2002},
  institution={MINNESOTA UNIV MINNEAPOLIS DEPT OF COMPUTER SCIENCE}
}

@inproceedings{luo2011consensus,
 author = {Luo, Dijun and Ding, Chris and Huang, Heng and Nie, Feiping},
 title = {Consensus Spectral Clustering in Near-linear Time},
 booktitle = {Proceedings of the 2011 IEEE 27th International Conference on Data Engineering},
 series = {ICDE '11},
 year = {2011},
 isbn = {978-1-4244-8959-6},
 pages = {1079--1090},
 numpages = {12},
 url = {http://dx.doi.org/10.1109/ICDE.2011.5767925},
 doi = {10.1109/ICDE.2011.5767925},
 acmid = {2005622},
 publisher = {IEEE Computer Society},
 address = {Washington, DC, USA},  
}

@inproceedings{liu2016infinite,
  title={Infinite Ensemble for Image Clustering},
  booktitle = {Proceedings of the 22Nd ACM SIGKDD International Conference on Knowledge Discovery and Data Mining},
  author={Liu, Hongfu and Shao, Ming and Li, Sheng and Fu, Yun},
  series = {KDD '16},
  year = {2016},
  isbn = {978-1-4503-4232-2},
  location = {San Francisco, California, USA},
  pages = {1745--1754},
  numpages = {10},
  url = {http://doi.acm.org/10.1145/2939672.2939813},
  doi = {10.1145/2939672.2939813},
  acmid = {2939813},
  publisher = {ACM},
  address = {New York, NY, USA}
}

@article{bholowalia2014ebk,
  title={EBK-means: A clustering technique based on elbow method and k-means in WSN},
  author={Bholowalia, Purnima and Kumar, Arvind},
  journal={International Journal of Computer Applications},
  volume={105},
  number={9},
  year={2014},
  publisher={Citeseer}
}